\chapter*{Bibliography}
\addcontentsline{toc}{chapter}{Bibliography}
@article{mitnn,
	author={Larry Hardesty},
	title={Explained: Neural networks},
	year={2017}
}

@article{mem101,
	author={Dalya Gartzman},
	title={Getting to Know the Mel Spectrogram},
	year={2019}
}
@article{msc,
	author={Muhammad Ardi},
	title={Musical Intrument Sound Classification using CNN},
	year={2020}
}

@article{DLFMIR,
	author={Mingqing Yun and Jing Bi},
	title={DEEP LEARNING FOR MUSICAL INSTRUMENT RECOGNITION},
	publisher={University of Rochester},
	year={2017}
}

@article{BACDNN,
	author={Narayan Srinivasan},
	title={Building an Audio Classifier using Deep Neural Networks},
	year={2017}
}
@article{MICDLT,
	author={Lara Haidar-Ahmad},
	title={Music and Instrument Classification using Deep Learning Technics},
	publisher={Stanford University},
	year={2018}
}


@article{MIRUDCNN,
	author={Arun Solanki and Sachin Pandey},
	title={Music instrument recognition using deep convolutional neural networks},
	publisher={Gautam Buddha University},
	year={2019}
}
@article{spektrum,
	author={Marte Vinje and Moritz Klimmek and Thomas Salzer and Aaron Hümmecke and Lukas Vorwerk },
	title={Music Genre Detection – A Complete System},
	publisher={OpenPower@TUM},
	year={2020}
}
@book{nnfs,
      title     = "Neural Networks from Scratch in Python",
      author    = "Harrison Kinsley and Daniel Kukieła",
      year      = 2020,
    }
